@article{turing_compting,
    author = {Turing, A. M.},    
    pages = {433–460},
    title = {{Computing Machinery and Intelligence}},
    volume = {LIX},
    year = {1950},
}

@article{senon_sah,
    author="Shannon, Claude E.",
    editor="Levy, David",
    title="Programming a Computer for Playing Chess",
    bookTitle="Computer Chess Compendium",
    year="1988",
    publisher="Springer New York",
    address="New York, NY",
    pages="2--13",
    isbn="978-1-4757-1968-0",
    doi="10.1007/978-1-4757-1968-0_1",
    url="https://doi.org/10.1007/978-1-4757-1968-0_1"
}

@book{oxford_knjiga,
  title={{The Oxford Handbook of Ethics of AI}},
  author={D. Dubber, Markus and Pasquale, Frank and Das, Sunit },
  isbn={978–0–19–006739–7},
  url={https://academic.oup.com/edited-volume/34287},
  year={2009},
  publisher={Oxford University Press},
  address = {Oxford}
}


@article{youtube,
    author = {Bridle, James},
    keywords = {recommendation_system, YouTube Kids},
    title = {Something is wrong on the internet},
    year = {2017}, 
    url={https://medium.com/@jamesbridle/something-is-wrong-on-the-internet-c39c471271d2},
}


@article{zavisnost,
    author = {Hilliard, Jena},
    keywords = {addiction, social media},
    title = {Social Media Addiction},
    year = {2019}, 
    url={https://www.addictioncenter.com/drugs/social-media-addiction/},
}
@article{spotify,
    author = {Ingham, Tim},
    keywords = {music recommendation, spotify},
    title = {Spotify is Making its Own Records, and Putting Them On Playlists},
    year = {2016}, 
    url={https://www.musicbusinessworldwide.com/spotify-is-creating-its-own-recordings-and-putting-them-on-playlists/},
}

@article{wired_intervju,
    author = {Thompson, Nicholas},
    keywords = {recommendation systems, big tech comapies},
    title = {Our Minds Have Been Hijacked by Our Phones. Tristan Harris Wants to Rescue Them},
    year = {2017}, 
    url={https://www.wired.com/story/our-minds-have-been-hijacked-by-our-phones-tristan-harris-wants-to-rescue-them/},
}

@article{spotify_stat,
    author = {Peoples, Glenn},
    keywords = {spotify_statistics},
    title = {Consumers Now Favor Streaming Services for Music Discovery Over All Other Sources},
    year = {2020}, 
    url={https://www.billboard.com/pro/consumers-streaming-music-discovery-music-360/},
}

@article{facebook_stat,
    author = {Oberlo},
    keywords = {facebook_data},
    title = {How many users does Facebook have?},
    url={https://www.oberlo.com/statistics/how-many-users-does-facebook-have},
}

@article{instagram_stat,
    author = {Mansoor, Iqbal},
    keywords = {instagram_statistics},
    title = {Instagram Revenue and Usage Statistics (2022)},
    year = {2022}, 
    url={https://www.businessofapps.com/data/instagram-statistics/},
}

@article{youtube_stat,
    author = {Aslam, Salman},
    keywords = {youtube_statistics},
    title = {YouTube by the Numbers: Stats, Demographics & Fun Facts},
    year = {2022}, 
    url={https://www.omnicoreagency.com/youtube-statistics/},
}

@article{eticki_problemi_vozila,
    author = {Herber, Nils and Kroesen, Maarten and Chorus, Caspar},
    keywords = {autonomous vehicles, ethics, moral, trolley},
    pages = {556--577},
    title = {Ethical issues in focus by the autonomous vehicles industry},
    volume = {41},
    year = {2021}
}

@article{trolley_problem,
    author = {Geisslinger, M. and Poszler, F. and Betz, J. and Lutge, C. and Lienkamp M.},
    keywords = {autonomous vehicles, ethics, unavoidable accidents, trolley},
    title = {autonomous Driving Ethics: from Trolley Problem to Ethics of Risk},
    year = {2021}
}

@article{vehicle_data,
    author = {Select Car Leasing},
    keywords = {driverless cars, rank, country},
    title = {Ranked: the most driverless car-ready countries},
    year = {2022}, 
    url={https://www.selectcarleasing.co.uk/news/article/which-countries-are-driverless-car-ready},
}

@article{ai_in_medicine,
    author = {Abdullah, Yasser and Al-Aswad, Lama A.},
    keywords = {ethics, ophthalmology, medicine},
    title = {Ethics of Artificial Intelligence in Medicine and Ophthalmology},
    year = {2021}, 
    doi="10.1097/APO.0000000000000397",
    url={https://journals.lww.com/apjoo/fulltext/2021/06000/ethics_of_artificial_intelligence_in_medicine_and.8.aspx},
}

@article{introduction,
    author = {Rogozea, Liliana},
    keywords = {ethics, artificial intelligence, standards, dilemmas, health},
    title = {Towards ethical aspects on artificial intelligence},
    year = {2009}, 
    isbn="ISBN: 978-960-474-051-2",
    url={https://d1wqtxts1xzle7.cloudfront.net/83823316/Towards_ethical_aspects_on_artificial_in20220411-1122-1tx63w0-with-cover-page-v2.pdf?Expires=1668454200&Signature=VoIfYbuTEAqsRC3et8yERVv6XvPjUvHNRjcq~2EojD7UKvqZ5hJIGaHS0~djk2JIIowYtB~pBO7NOT9rw0xp2dyrQlbtqpi8FJ0SKP3gjgnBDYAewydk1D~DTU7TmZ5LwX8T1tZoFstgESwpv4G8y1zn0ScvnvknZmkb~GY9JJjtw3Ism-Jyl1sgdc2vLHFobhybCO9~FCOiYfYO3jYYBjvPe0aGfzOVZeF34MlRwVr8eFEHGij7~flM1Tr0SM4sNuGD7sa3TSslAGiXXTAg15GxJYQvPP-9-QewkiEY7MTTO4PdFMn6zESJ2vVX3hL6U6deXZsEW4Z~fz9524FtAw__&Key-Pair-Id=APKAJLOHF5GGSLRBV4ZA},
}

@article{mekarti,
    author = {McCarthy, J. and Hayes, P.J.},
    title = {Some Philosophical Problems from the Standpoint of Artificial Intelligence},
    year = {1969}, 
    publisher="Computer Science Department Stanford University",
    address="Stanford CA 94305",
    url={http://www-formal.stanford.edu/jmc/}
}

@article{military_ai_problems,
    author = {Harper, Jon},
    keywords = {problem, military,  artificial intelligence},
    title = {Pentagon Grappling With AI’s Ethical Challenges},
    year = {2020},
    publisher = {National Defense Magazine},
    url = {https://www.nationaldefensemagazine.org/articles/2020/11/10/pentagon-grappling-with-ais-ethical-challengeshttps://www.nationaldefensemagazine.org/articles/2020/11/10/pentagon-grappling-with-ais-ethical-challenges}
}

@article{killer_robots,
    author = {Parkin, Simon},
    keywords = {restriction, autonomous, automated, weapons},
    title = {Killer robots: The soldiers that never sleep},
    year = {2015},
    publisher = {BBC},
    url = {https://www.bbc.com/future/article/20150715-killer-robots-the-soldiers-that-never-sleephttps://www.bbc.com/future/article/20150715-killer-robots-the-soldiers-that-never-sleep}
}

@article{ihl,
    author = {International Committee of the Red Cross},
    keywords = {human, rigts, war, ihl, civilian, conflict},
    title = {Rules of war: Why they matter},
    year = {2021},
    publiser = {ICRC},
    url = {https://www.icrc.org/en/document/rules-war-why-they-matter}
}


@article{stepen_automonije,
    author = {Heikoop, Daniël D. and Hagenzieker Marjan and Mecacci, Giulio and Calvert, Simeon and Santoni De Sio, Filippo and Arem, Bart van},
    keywords = {autonomous cars, levels},
    title = {Human behaviour with automated driving systems: a quantitative framework for meaningful human control},
    pages = {711--730},
    year = {2019},
    url = {https://www.tandfonline.com/doi/full/10.1080/1463922X.2019.1574931}
}

